@article{Bryan1928,
author = {Bryan, A. B. and Sanders, I. C.},
doi = {10.1103/PhysRev.32.302},
issn = {0031-899X},
journal = {Phys. Rev.},
mendeley-groups = {SNOW},
number = {2},
pages = {302--310},
title = {{The Dielectric Constant of Air at Radio Frequencies}},
volume = {32},
year = {1928}
}

@inproceedings{Sharma2007,
booktitle = {International Workshop on Applications of Polarimetry and Polarimetric Interferometry (Pol-InSAR)},
title = {Multi-frequency PolInSAR signatures of a subpolar glacier},
author = {Jayanti Sharma and Irena Hajnsek and Konstantinos Papathanassiou},
year = {2007},
pages = {8},
journal = {Proceedings of the International Workshop on Applications of Polarimetry and Polarimetric Interferometry (Pol-InSAR)},
url = {https://elib.dlr.de/47426/}
}

@article{Hector1936,
author = {Hector, L. G. and Schultz, H. L.},
doi = {10.1063/1.1745374},
issn = {0148-6349},
journal = {Physics (College. Park. Md).},
mendeley-groups = {SNOW},
month = {apr},
number = {4},
pages = {133--136},
title = {{The Dielectric Constant of Air at Radiofrequencies}},
volume = {7},
year = {1936}
}
@article{Evans1965,
author = {Evans, S.},
doi = {10.3189/S0022143000018840},
issn = {0022-1430},
journal = {J. Glaciol.},
mendeley-groups = {SNOW},
month = {jan},
number = {42},
pages = {773--792},
title = {{Dielectric Properties of Ice and Snow- A Review}},
volume = {5},
year = {1965}
}
@article{Linlor1975,
author = {Linlor, William I. and Jiracek, George R.},
doi = {10.3189/S0022143000021997},
issn = {0022-1430},
journal = {J. Glaciol.},
mendeley-groups = {SNOW},
month = {jan},
number = {72},
pages = {501--515},
title = {{Electromagnetic Reflection from Multi-Layered Snow Models}},
volume = {14},
year = {1975}
}
@article{Ulaby1977,
author = {Ulaby, Fawwaz and Stiles, W. and Dellwig, L. and Hanson, B.},
doi = {10.1109/TGE.1977.294490},
issn = {03594237},
journal = {IEEE Trans. Geosci. Electron.},
mendeley-groups = {SNOW},
month = {oct},
number = {4},
pages = {185--189},
title = {{Experiments on the Radar Backscatter of Snow}},
volume = {15},
year = {1977}
}
@article{Zuniga1979,
author = {Zuniga, Michael and Habashy, Tarek and Kong, Jin},
doi = {10.1109/TGE.1979.294658},
issn = {03594237},
journal = {IEEE Trans. Geosci. Electron.},
mendeley-groups = {SNOW},
month = {oct},
number = {4},
pages = {296--302},
title = {{Active Remote Sensing of Layered Random Media}},
volume = {17},
year = {1979}
}
@article{Reynolds1983,
author = {Reynolds, B.},
doi = {10.1016/0004-6981(83)90193-2},
issn = {00046981},
journal = {Atmos. Environ.},
mendeley-groups = {SNOW},
month = {jan},
number = {9},
pages = {1849--1851},
title = {{The chemical composition of snow at a rural upland site in Mid-wales}},
volume = {17},
year = {1983}
}
@article{Hallikainen1987,
author = {Hallikainen, Martti and Ulaby, Fawwaz and {Van Deventer}, Tahera},
doi = {10.1109/TGRS.1987.289743},
issn = {0196-2892},
journal = {IEEE Trans. Geosci. Remote Sens.},
mendeley-groups = {SNOW},
number = {6},
pages = {737--745},
title = {{Extinction Behavior of Dry Snow in the 18-to 90-GHz Range}},
volume = {GE-25},
year = {1987}
}
@article{Matzler1987,
author = {Matzler, C and Wegmuller, U},
doi = {10.1088/0022-3727/20/12/013},
issn = {0022-3727},
journal = {J. Phys. D. Appl. Phys.},
mendeley-groups = {SNOW},
month = {dec},
number = {12},
pages = {1623--1630},
title = {{Dielectric properties of freshwater ice at microwave frequencies}},
volume = {20},
year = {1987}
}
@article{Abe1990,
author = {Abe, T. and Yamaguchi, Y. and Sengoku, M.},
doi = {10.1109/36.58981},
issn = {01962892},
journal = {IEEE Trans. Geosci. Remote Sens.},
mendeley-groups = {SNOW},
number = {5},
pages = {915--921},
title = {{Experimental study of microwave transmission in snowpack}},
volume = {28},
year = {1990}
}
@article{Zebker1992,
author = {Zebker, Howard A. and Villasenor, John},
doi = {10.1109/36.175330},
file = {:home/iirs/.local/share/data/Mendeley Ltd./Mendeley Desktop/Downloaded/Zebker, Villasenor - 1992 - Decorrelation in interferometric radar echoes.pdf:pdf},
isbn = {0196-2892},
issn = {15580644},
journal = {IEEE Trans. Geosci. Remote Sens.},
mendeley-groups = {SNOW},
number = {5},
pages = {950--959},
title = {{Decorrelation in interferometric radar echoes}},
volume = {30},
year = {1992}
}
@article{Liang1994,
author = {Liang, Xu and Lettenmaier, Dennis P. and Wood, Eric F. and Burges, Stephen J.},
doi = {10.1029/94JD00483},
issn = {0148-0227},
journal = {J. Geophys. Res.},
mendeley-groups = {SNOW},
number = {D7},
pages = {14415--14428},
title = {{A simple hydrologically based model of land surface water and energy fluxes for general circulation models}},
volume = {99},
year = {1994}
}
@article{Just1994,
author = {Just, Dieter and Bamler, Richard},
doi = {10.1364/AO.33.004361},
isbn = {0740-3224},
issn = {0003-6935},
journal = {Appl. Opt.},
keywords = {aberrations,decorrelation,interferometry,phase statistics,synthetic aperture radar},
mendeley-groups = {SNOW},
number = {20},
pages = {4361},
pmid = {20935795},
title = {{Phase statistics of interferograms with applications to synthetic aperture radar}},
volume = {33},
year = {1994}
}
@article{Shi1995,
author = {Shi, Jiancheng and Dozier, Jeff},
doi = {10.1109/36.406676},
file = {:home/iirs/.local/share/data/Mendeley Ltd./Mendeley Desktop/Downloaded/Shi, Dozier - 1995 - Inferring Snow Wetness Using C-Band Data from SIR-C's Polarimetric Synthetic Aperture Radar.pdf:pdf},
isbn = {0196-2892},
issn = {15580644},
journal = {IEEE Trans. Geosci. Remote Sens.},
mendeley-groups = {SNOW},
number = {4},
pages = {905--914},
title = {{Inferring Snow Wetness Using C-Band Data from SIR-C's Polarimetric Synthetic Aperture Radar}},
volume = {33},
year = {1995}
}
@article{Matzler1996,
author = {Matzler, C.},
doi = {10.1109/36.485133},
issn = {01962892},
journal = {IEEE Trans. Geosci. Remote Sens.},
mendeley-groups = {SNOW},
month = {mar},
number = {2},
pages = {573--581},
title = {{Microwave permittivity of dry snow}},
volume = {34},
year = {1996}
}
@article{Ellison1996,
author = {Ellison, W.J. and Lamkaouchi, K. and Moreau, J.-M.},
doi = {10.1016/0167-7322(96)00926-9},
issn = {01677322},
journal = {J. Mol. Liq.},
mendeley-groups = {SNOW},
month = {apr},
number = {2-3},
pages = {171--279},
title = {{Water: a dielectric reference}},
volume = {68},
year = {1996}
}
@article{Cloude1998,
author = {Cloude, S. R. and Papathanassiou, K.P.},
doi = {10.1109/36.718859},
issn = {01962892},
journal = {IEEE Trans. Geosci. Remote Sens.},
mendeley-groups = {SNOW},
number = {5},
pages = {1551--1565},
title = {{Polarimetric SAR interferometry}},
volume = {36},
year = {1998}
}
@article{Massonnet1998,
author = {Massonnet, Didier and Feigl, Kurt L.},
doi = {10.1029/97RG03139},
issn = {87551209},
journal = {Rev. Geophys.},
mendeley-groups = {SNOW},
month = {nov},
number = {4},
pages = {441--500},
title = {{Radar interferometry and its application to changes in the Earth's surface}},
volume = {36},
year = {1998}
}
@inproceedings{Kampes1999,
address = {Enschede, The Netherlands},
author = {Kampes, B. and Usai, S.},
booktitle = {Proc. 2nd Int. Symp. Oper. Remote Sens.},
keywords = {processing software,processor design,sar interferometry},
mendeley-groups = {SNOW},
pages = {1--4},
title = {{Doris: the Delft Object−oriented Radar Interferometric Software}},
url = {http://citeseerx.ist.psu.edu/viewdoc/download?doi=10.1.1.46.1689{\&}rep=rep1{\&}type=pdf},
year = {1999}
}
@article{Matzler1999,
author = {M{\"{a}}tzler, Christian and Wiesmann, Andreas},
doi = {10.1016/S0034-4257(99)00047-4},
issn = {00344257},
journal = {Remote Sens. Environ.},
mendeley-groups = {SNOW},
month = {dec},
number = {3},
pages = {317--325},
title = {{Extension of the Microwave Emission Model of Layered Snowpacks to Coarse-Grained Snow}},
volume = {70},
year = {1999}
}
@article{Wiesmann1999,
author = {Wiesmann, Andreas and M{\"{a}}tzler, Christian},
doi = {10.1016/S0034-4257(99)00046-2},
issn = {00344257},
journal = {Remote Sens. Environ.},
mendeley-groups = {SNOW},
month = {dec},
number = {3},
pages = {307--316},
title = {{Microwave Emission Model of Layered Snowpacks}},
volume = {70},
year = {1999}
}
@article{Buchner1999,
author = {Buchner, R. and Barthel, J. and Stauber, J.},
doi = {10.1016/S0009-2614(99)00455-8},
issn = {00092614},
journal = {Chem. Phys. Lett.},
mendeley-groups = {SNOW},
month = {jun},
number = {1-2},
pages = {57--63},
title = {{The dielectric relaxation of water between 0°C and 35°C}},
volume = {306},
year = {1999}
}
@book{Sihvola1999,
address = {UK},
author = {Sihvola, Ari},
doi = {10.1049/PBEW047E},
edition = {1},
file = {:home/iirs/THESIS/Papers/(IEE electromagnetic waves series 47) Sihvola, A. H-Electromagnetic mixing formulas and applications-Institution of Electrical Engineers (1999).pdf:pdf},
isbn = {9780852967720},
issn = {8755-3996},
mendeley-groups = {SNOW},
publisher = {The Institution of Engineering and Technology},
title = {{Electromagnetic Mixing Formulas and Applications}},
year = {1999}
}
@article{Rees2000,
author = {Rees, W. G.},
doi = {10.1080/014311600210957},
issn = {0143-1161},
journal = {Int. J. Remote Sens.},
mendeley-groups = {SNOW},
month = {jan},
number = {1},
pages = {7--20},
title = {{The accuracy of Digital Elevation Models interpolated to higher resolutions}},
volume = {21},
year = {2000}
}
@article{Judson2000,
author = {Judson, Arthur and Doesken, Nolan},
doi = {10.1175/1520-0477(2000)081<1577:DOFFSI>2.3.CO;2},
issn = {0003-0007},
journal = {Bull. Am. Meteorol. Soc.},
mendeley-groups = {SNOW},
month = {jul},
number = {7},
pages = {1577--1587},
title = {{Density of Freshly Fallen Snow in the Central Rocky Mountains}},
volume = {81},
year = {2000}
}
@article{Rosen2000,
author = {Rosen, P.A. and Hensley, S. and Joughin, I.R. and Li, F.K. and Madsen, S.N. and Rodriguez, E. and Goldstein, R.M.},
doi = {10.1109/5.838084},
issn = {0018-9219},
journal = {Proc. IEEE},
mendeley-groups = {SNOW},
month = {mar},
number = {3},
pages = {333--382},
title = {{Synthetic aperture radar interferometry}},
volume = {88},
year = {2000}
}
@article{Hoen2000,
author = {Hoen, E. Weber and Zebker, H.A.},
doi = {10.1109/36.885204},
issn = {01962892},
journal = {IEEE Trans. Geosci. Remote Sens.},
mendeley-groups = {SNOW},
number = {6},
pages = {2571--2583},
title = {{Penetration depths inferred from interferometric volume decorrelation observed over the Greenland Ice Sheet}},
volume = {38},
year = {2000}
}
@article{Lee2000,
author = {Lee, Jong-Sen and Schuler, D L and Ainsworth, T L},
doi = {10.1109/36.868874},
file = {::},
issn = {0196-2892 VO  - 38},
journal = {IEEE Trans. Geosci. Remote Sens.},
mendeley-groups = {Temp,SNOW},
number = {5},
pages = {2153--2163},
title = {{Polarimetric SAR data compensation for terrain azimuth slope variation}},
volume = {38},
year = {2000}
}
@misc{Jones2001,
author = {Jones, E. and Oliphant, E. and Peterson, P.},
mendeley-groups = {SNOW},
title = {{SciPy: Open Source Scientific Tools for Python}},
url = {http://www.scipy.org/},
urldate = {2019-02-12},
year = {2001}
}
@article{Papathanassiou2001,
author = {Papathanassiou, K.P. and Cloude, S.R.},
doi = {10.1109/36.964971},
issn = {01962892},
journal = {IEEE Trans. Geosci. Remote Sens.},
mendeley-groups = {SNOW},
number = {11},
pages = {2352--2363},
title = {{Single-baseline polarimetric SAR interferometry}},
volume = {39},
year = {2001}
}
@article{Spencer2001,
author = {Spencer, M. K. and Alley, R. B. and Creyts, T. T.},
doi = {10.3189/172756501781831765},
issn = {0022-1430},
journal = {J. Glaciol.},
mendeley-groups = {SNOW},
month = {sep},
number = {159},
pages = {671--676},
title = {{Preliminary firn-densification model with 38-site dataset}},
volume = {47},
year = {2001}
}
@book{Hanssen2001,
address = {Dordrecht},
author = {Hanssen, Ramon F.},
doi = {10.1007/0-306-47633-9},
isbn = {978-0-7923-6945-5},
mendeley-groups = {SNOW},
pages = {318},
publisher = {Kluwer Academic Publishers},
series = {Remote Sensing and Digital Image Processing},
title = {{Radar Interferometry - Data Interpretation and Error Analysis}},
volume = {2},
year = {2001}
}
@article{Guneriussen2001,
author = {Guneriussen, Tore and H{\o}gda, Kjell A. and Johnsen, Harald and Lauknes, Inge},
doi = {10.1109/36.957273},
file = {:home/iirs/.local/share/data/Mendeley Ltd./Mendeley Desktop/Downloaded/Guneriussen et al. - 2001 - InSAR for estimation of changes in snow water equivalent of dry snow.pdf:pdf},
isbn = {0-7803-6359-0},
issn = {01962892},
journal = {IEEE Trans. Geosci. Remote Sens.},
keywords = {Digital elevation model (DEM),Interferometry,Snow water equivalent (SWE),Synthetic aperture radar (SAR)},
mendeley-groups = {SNOW},
number = {10},
pages = {2101--2108},
title = {{InSAR for estimation of changes in snow water equivalent of dry snow}},
volume = {39},
year = {2001}
}
@article{Papa2002,
author = {Papa, F. and Legresy, B. and Mognard, N.M. and Josberger, E.G. and Remy, F.},
doi = {10.1109/TGRS.2002.802463},
issn = {0196-2892},
journal = {IEEE Trans. Geosci. Remote Sens.},
mendeley-groups = {SNOW},
month = {jan},
number = {10},
pages = {2162--2169},
title = {{Estimating terrestrial snow depth with the TOPEX-Poseidon altimeter and radiometer}},
volume = {40},
year = {2002}
}
@article{Chen2002,
author = {Chen, C.W. and Zebker, H.A.},
doi = {10.1109/TGRS.2002.802453},
issn = {0196-2892},
journal = {IEEE Trans. Geosci. Remote Sens.},
mendeley-groups = {SNOW},
month = {aug},
number = {8},
pages = {1709--1719},
title = {{Phase unwrapping for large SAR interferograms: Statistical Segmentation and Generalized Network Models}},
volume = {40},
year = {2002}
}
@article{Matzler2002,
author = {M{\"{a}}tzler, Christian},
doi = {10.3189/172756502781831287},
issn = {0022-1430},
journal = {J. Glaciol.},
mendeley-groups = {SNOW},
month = {sep},
number = {162},
pages = {461--466},
title = {{Relation between grain-size and correlation length of snow}},
volume = {48},
year = {2002}
}
@book{Petrenko2002,
address = {New York},
author = {Petrenko, Victor F. and Whitworth, Robert W.},
doi = {10.1093/acprof:oso/9780198518945.001.0001},
isbn = {9780198518945},
mendeley-groups = {SNOW},
month = {jan},
pages = {408},
publisher = {Oxford University Press},
title = {{Physics of Ice}},
year = {2002}
}
@article{Bartelt2002,
author = {Bartelt, Perry and Lehning, Michael},
doi = {10.1016/S0165-232X(02)00074-5},
issn = {0165232X},
journal = {Cold Reg. Sci. Technol.},
mendeley-groups = {SNOW},
month = {nov},
number = {3},
pages = {123--145},
title = {{A physical SNOWPACK model for the Swiss avalanche warning}},
volume = {35},
year = {2002}
}
@article{Lehning2002,
author = {Lehning, Michael and Bartelt, Perry and Brown, Bob and Fierz, Charles and Satyawali, Pramod},
doi = {10.1016/S0165-232X(02)00073-3},
issn = {0165232X},
journal = {Cold Reg. Sci. Technol.},
mendeley-groups = {SNOW},
number = {3},
pages = {147--167},
title = {{A physical SNOWPACK model for the Swiss avalanche warning}},
volume = {35},
year = {2002}
}
@article{Roebber2003,
author = {Roebber, Paul J. and Bruening, Sara L. and Schultz, David M. and Cortinas, John V.},
doi = {10.1175/1520-0434(2003)018<0264:ISFBDS>2.0.CO;2},
issn = {0882-8156},
journal = {Weather Forecast.},
mendeley-groups = {SNOW},
number = {2},
pages = {264--287},
title = {{Improving Snowfall Forecasting by Diagnosing Snow Density}},
volume = {18},
year = {2003}
}
@article{Srinivasulu2004,
author = {Srinivasulu, J. and Kulkarni, A. V.},
doi = {10.1007/BF02702003},
issn = {02534126},
journal = {Proc. Indian Acad. Sci. Earth Planet. Sci.},
keywords = {Himalaya,IRS,Reflectance,Snow},
mendeley-groups = {SNOW},
number = {1},
pages = {117--128},
title = {{Estimation of spectral reflectance of snow from IRS-1D LISS-III sensor over the Himalayan terrain}},
volume = {113},
year = {2004}
}
@article{Anderton2004,
author = {Anderton, S. P. and White, S. M. and Alvera, B.},
doi = {10.1002/hyp.1319},
issn = {0885-6087},
journal = {Hydrol. Process.},
mendeley-groups = {SNOW},
number = {3},
pages = {435--453},
title = {{Evaluation of spatial variability in snow water equivalent for a high mountain catchment}},
volume = {18},
year = {2004}
}
@article{Sturm2004,
author = {Sturm, Matthew and Benson, Carl},
doi = {10.3189/172756404781815112},
issn = {0260-3055},
journal = {Ann. Glaciol.},
pages = {253--260},
title = {{Scales of spatial heterogeneity for perennial and seasonal snow layers}},
volume = {38},
year = {2004}
}
@article{Sun2004,
author = {Sun, Chaojiao and Walker, Jeffrey P. and Houser, Paul R.},
doi = {10.1029/2003JD003765},
isbn = {0148-0227},
issn = {01480227},
journal = {J. Geophys. Res. D Atmos.},
keywords = {Extended Kalman filter,GCM initialization,Snow assimilation},
mendeley-groups = {SNOW},
number = {8},
pages = {1--12},
title = {{A methodology for snow data assimilation in a land surface model}},
volume = {109},
year = {2004}
}
@techreport{Cloude2005,
author = {Cloude, S. R.},
pages = {1--44},
title = {{POL-InSAR training course}},
url = {https://earth.esa.int/landtraining07/pol-insar_training_course.pdf},
institution = {ESA},
year = {2005}
}
@article{Krieger2005,
author = {Krieger, Gerhard and Papathanassiou, Konstantinos Panagiotis and Cloude, Shane R.},
doi = {10.1155/ASP.2005.3272},
issn = {1687-6180},
journal = {EURASIP J. Adv. Signal Process.},
mendeley-groups = {SNOW},
number = {20},
pages = {354018},
title = {{Spaceborne Polarimetric SAR Interferometry: Performance Analysis and Mission Concepts}},
volume = {2005},
year = {2005}
}
@article{Deems2006,
author = {Deems, Jeffrey S. and Fassnacht, Steven R. and Elder, Kelly J.},
doi = {10.1175/JHM487.1},
issn = {1525-755X},
journal = {J. Hydrometeorol.},
number = {2},
pages = {285--297},
title = {{Fractal Distribution of Snow Depth from Lidar Data}},
volume = {7},
year = {2006}
}
@article{Slater2006,
author = {Slater, Andrew G. and Clark, Martyn P.},
doi = {10.1175/JHM505.1},
isbn = {1525-755X},
issn = {1525-755X},
journal = {J. Hydrometeorol.},
mendeley-groups = {SNOW},
number = {3},
pages = {478--493},
title = {{Snow Data Assimilation via an Ensemble Kalman Filter}},
volume = {7},
year = {2006}
}
@article{Sihvola2007,
author = {Sihvola, Ari},
doi = {10.1155/2007/45090},
issn = {1687-4110},
journal = {J. Nanomater.},
mendeley-groups = {SNOW},
pages = {1--9},
title = {{Dielectric Polarization and Particle Shape Effects}},
volume = {2007},
year = {2007}
}
@book{Goodman2007,
address = {Englewood, Colo},
author = {Goodman, J. W.},
isbn = {9780974707792},
mendeley-groups = {SNOW},
pages = {387},
publisher = {Roberts {\&} Co.},
title = {{Speckle phenomena in optics: Theory and applications}},
year = {2007}
}
@article{Tsang2007,
author = {Tsang, Leung and Pan, Jin and Liang, Ding and Li, Zhongxin and Cline, Donald W. and Tan, Yunhua},
doi = {10.1109/TGRS.2006.888854},
issn = {0196-2892},
journal = {IEEE Trans. Geosci. Remote Sens.},
mendeley-groups = {SNOW},
number = {4},
pages = {990--1004},
title = {{Modeling Active Microwave Remote Sensing of Snow Using Dense Media Radiative Transfer (DMRT) Theory With Multiple-Scattering Effects}},
volume = {45},
year = {2007}
}
@book{Ferretti2007,
address = {Noordwijk, The Netherlands},
author = {Ferretti, A. and Monti-Guarnieri, A. and C., Prati and Rocca, Fabio},
editor = {Fletcher, K.},
isbn = {92-9092-233-8},
mendeley-groups = {SNOW},
pages = {1--40},
publisher = {ESA Publications},
title = {{InSAR Principles: Guidelines for SAR Interferometry Processing and Interpretation}},
url = {https://www.esa.int/esapub/tm/tm19/TM-19{\_}ptA.pdf},
year = {2007}
}
@article{Rocca2007,
author = {Rocca, Fabio},
pages = {1--32},
title = {{DINSAR : Differential SAR Interferometry}},
year = {2007}
}
@article{Lehning2008,
author = {Lehning, M. and L{\"{o}}we, H. and Ryser, M. and Raderschall, N.},
doi = {10.1029/2007WR006545},
issn = {00431397},
journal = {Water Resour. Res.},
mendeley-groups = {SNOW},
month = {jul},
number = {7},
title = {{Inhomogeneous precipitation distribution and snow transport in steep terrain}},
volume = {44},
year = {2008}
}
@article{Warren2008,
author = {Warren, Stephen G. and Brandt, Richard E.},
doi = {10.1029/2007JD009744},
issn = {0148-0227},
journal = {J. Geophys. Res.},
mendeley-groups = {SNOW},
month = {jul},
number = {D14},
pages = {D14220},
title = {{Optical constants of ice from the ultraviolet to the microwave: A revised compilation}},
volume = {113},
year = {2008}
}
@article{Warren2008a,
author = {Warren, Stephen G. and Brandt, Richard E.},
doi = {10.1029/2007JD009744},
issn = {0148-0227},
journal = {J. Geophys. Res.},
mendeley-groups = {SNOW},
month = {jul},
number = {D14},
pages = {1--10},
title = {{Optical constants of ice from the ultraviolet to the microwave: A revised compilation}},
volume = {113},
year = {2008}
}
@article{Budillon2008,
author = {Budillon, Alessandra and Pascazio, Vito and Schirinzi, Gilda},
doi = {10.1155/2008/310656},
issn = {1687-5990},
journal = {Int. J. Navig. Obs.},
mendeley-groups = {SNOW},
pages = {1--16},
title = {{Multichannel Along-Track Interferometric SAR Systems: Moving Targets Detection and Velocity Estimation}},
url = {https://www.hindawi.com/archive/2008/310656/},
volume = {2008},
year = {2008}
}
@article{Quaife2008,
author = {Quaife, Tristan and Lewis, Philip and {De Kauwe}, Martin and Williams, Mathew and Law, Beverly E. and Disney, Mathias and Bowyer, Paul},
doi = {10.1016/j.rse.2007.05.020},
file = {:home/iirs/.local/share/data/Mendeley Ltd./Mendeley Desktop/Downloaded/Quaife et al. - 2008 - Assimilating canopy reflectance data into an ecosystem model with an Ensemble Kalman Filter.pdf:pdf},
isbn = {0034-4257},
issn = {00344257},
journal = {Remote Sens. Environ.},
keywords = {Data assimilation,Ecosystem modelling,MODIS,Terrestrial Carbon Dynamics},
mendeley-groups = {SNOW},
number = {4},
pages = {1347--1364},
pmid = {254961500009},
title = {{Assimilating canopy reflectance data into an ecosystem model with an Ensemble Kalman Filter}},
volume = {112},
year = {2008}
}
@article{Jain2009,
author = {Jain, Sanjay K. and Goswami, Ajanta and Saraf, A. K.},
doi = {10.1007/s11269-008-9265-5},
file = {:home/iirs/THESIS/Papers/jain2008.pdf:pdf},
isbn = {0920-4741},
issn = {09204741},
journal = {Water Resour. Manag.},
keywords = {Aspect,Basin,DEM,Elevation,Himalaya,Snow},
mendeley-groups = {SNOW},
number = {1},
pages = {71--83},
title = {{Role of elevation and aspect in snow distribution in Western Himalaya}},
volume = {23},
year = {2009}
}
@phdthesis{Brunner2009,
author = {Brunner, Dominik},
mendeley-groups = {SNOW},
pages = {187},
school = {Trento: University of Trento},
title = {{Advanced Methods For Building Information Extraction From Very High Resolution SAR Data To Support Emergency Response}},
type = {Doctoral Thesis},
url = {http://eprints-phd.biblio.unitn.it/233/1/PHD_Thesis_Dominik_Brunner.pdf},
year = {2009}
}
@article{Negi2009,
author = {Negi, H. S. and Kulkarni, A. V. and Semwal, B. S.},
doi = {10.1007/s12040-009-0039-0},
file = {:home/iirs/THESIS/Papers/negi2009.pdf:pdf},
issn = {0253-4126},
journal = {J. Earth Syst. Sci.},
mendeley-groups = {SNOW},
month = {oct},
number = {5},
pages = {525--538},
title = {{Estimation of snow cover distribution in Beas basin, Indian Himalaya using satellite data and ground measurements}},
volume = {118},
year = {2009}
}
@article{Hajnsek2009,
author = {Hajnsek, Irena and Kugler, Florian and Lee, Seung-Kuk and Papathanassiou, Konstantinos Panagiotis},
doi = {10.1109/TGRS.2008.2009437},
issn = {0196-2892},
journal = {IEEE Trans. Geosci. Remote Sens.},
mendeley-groups = {SNOW},
month = {feb},
number = {2},
pages = {481--493},
title = {{Tropical-Forest-Parameter Estimation by Means of Pol-InSAR: The INDREX-II Campaign}},
volume = {47},
year = {2009}
}
@article{Zou2009,
author = {Zou, Weibao and Li, Yan and Li, Zhilin and Ding, Xiaoli},
doi = {10.3390/s90201259},
issn = {1424-8220},
journal = {Sensors},
mendeley-groups = {SNOW},
month = {feb},
number = {2},
pages = {1259--1281},
title = {{Improvement of the Accuracy of InSAR Image Co-Registration Based On Tie Points – A Review}},
url = {http://www.mdpi.com/1424-8220/9/2/1259},
volume = {9},
year = {2009}
}
@book{Lee2009,
address = {Boca Raton, Florida, USA},
author = {Lee, Jong-Sen and Pottier, Eric},
file = {:home/iirs/.local/share/data/Mendeley Ltd./Mendeley Desktop/Downloaded/Lee, Pottier - 2009 - Polarimetric Radar Imaging From Basics to Applications.pdf:pdf},
isbn = {9781420054989},
mendeley-groups = {SNOW},
pages = {440},
publisher = {CRC Press},
title = {{Polarimetric Radar Imaging: From Basics to Applications}},
url = {https://www.taylorfrancis.com/books/9781420054972},
year = {2009}
}
@article{Yueh2009,
author = {Yueh, S.H. and Dinardo, S.J. and Akgiray, A. and West, R. and Cline, D.W. and Elder, K.},
doi = {10.1109/TGRS.2009.2022945},
issn = {0196-2892},
journal = {IEEE Trans. Geosci. Remote Sens.},
mendeley-groups = {SNOW},
month = {oct},
number = {10},
pages = {3347--3364},
title = {{Airborne Ku-Band Polarimetric Radar Remote Sensing of Terrestrial Snow Cover}},
volume = {47},
year = {2009}
}
@article{Negi2010,
author = {Negi, H. S. and Singh, S. K. and Kulkarni, A. V. and Semwal, B. S.},
doi = {10.1080/01431160903002417},
file = {:home/iirs/THESIS/Papers/negi2010.pdf:pdf},
issn = {13665901},
journal = {Int. J. Remote Sens.},
mendeley-groups = {SNOW},
number = {10},
pages = {2393--2417},
title = {{Field-based spectral reflectance measurements of seasonal snow cover in the Indian Himalaya}},
volume = {31},
year = {2010}
}
@book{Cloude2010,
address = {New York},
author = {Cloude, S. R.},
doi = {10.1093/acprof:oso/9780199569731.001.0001},
file = {:home/iirs/.local/share/data/Mendeley Ltd./Mendeley Desktop/Downloaded/Cloude - 2010 - Polarisation Applications in Remote Sensing.pdf:pdf},
isbn = {0174-4879},
issn = {0174-4879},
mendeley-groups = {SNOW},
pages = {466},
pmid = {8444515},
publisher = {Oxford University Press},
title = {{Polarisation: Applications in Remote Sensing}},
year = {2010}
}
@article{Esmaeily-Gazkohani2010,
author = {Esmaeily-Gazkohani, A. and Granberg, H. B. and Gwyn, Q. Hugh J.},
doi = {10.5589/m10-064},
issn = {0703-8992},
journal = {Can. J. Remote Sens.},
mendeley-groups = {SNOW},
month = {jan},
number = {sup2},
pages = {S316--S326},
title = {{Repeat-pass cross-track interferometric SAR to measure dry snow water equivalent and depth}},
volume = {36},
year = {2010}
}
@article{Snehmani2010,
author = {Snehmani and Venkataraman, G. and Nigam, A. K. and Singh, Gulab},
doi = {10.1080/10106049.2010.516843},
issn = {1010-6049},
journal = {Geocarto Int.},
mendeley-groups = {SNOW},
month = {dec},
number = {8},
pages = {597--616},
title = {{Development of an inversion algorithm for dry snow density estimation and its application with ENVISAT-ASAR dual co-polarization data}},
volume = {25},
year = {2010}
}
@article{Wei2010,
author = {Wei, Meng and Sandwell, David T.},
doi = {10.1109/TGRS.2010.2043442},
file = {:home/iirs/.local/share/data/Mendeley Ltd./Mendeley Desktop/Downloaded/Wei, Sandwell - 2010 - Decorrelation of L-band and C-band interferometry over vegetated areas in California.pdf:pdf},
isbn = {0196-2892},
issn = {01962892},
journal = {IEEE Trans. Geosci. Remote Sens.},
number = {7},
pages = {2942--2952},
title = {{Decorrelation of L-band and C-band interferometry over vegetated areas in California}},
volume = {48},
year = {2010}
}
@book{Fung2010,
author = {Fung, Adrian K. and Chen, Kun-Shan},
isbn = {1608070379},
mendeley-groups = {SNOW},
pages = {430},
title = {{Microwave Scattering and Emission Models for Users}},
url = {http://books.google.com/books?hl=en{\&}lr={\&}id=blMmAgAAQBAJ{\&}oi=fnd{\&}pg=PR9{\&}dq=Microwave+Scattering+and+Emission+Models+for+Users{\&}ots=a-GjgLKOwm{\&}sig=LnsCbCwQvxzRV3hlr1DIJ3zbyCk{\%}5Cnhttp://books.google.com/books?hl=en{\&}lr={\&}id=blMmAgAAQBAJ{\&}pgis=1},
year = {2010}
}
@article{Moller2011,
author = {Moller, Delwyn and Hensley, Scott and Sadowy, Gregory A. and Fisher, Charles D. and Michel, Thierry and Zawadzki, Mark and Rignot, Eric},
doi = {10.1109/TGRS.2010.2057254},
issn = {0196-2892},
journal = {IEEE Trans. Geosci. Remote Sens.},
mendeley-groups = {SNOW},
month = {feb},
number = {2},
pages = {827--842},
title = {{The Glacier and Land Ice Surface Topography Interferometer: An Airborne Proof-of-Concept Demonstration of High-Precision Ka-Band Single-Pass Elevation Mapping}},
volume = {49},
year = {2011}
}
@article{Kumar2011,
author = {Kumar, Vijay and Venkataraman, Gopalan},
doi = {10.1080/17538940903521591},
issn = {1753-8947},
journal = {Int. J. Digit. Earth},
mendeley-groups = {SNOW},
month = {jan},
number = {1},
pages = {78--90},
title = {{SAR interferometric coherence analysis for snow cover mapping in the western Himalayan region}},
volume = {4},
year = {2011}
}
@book{Feynman2011,
address = {New York},
author = {Feynman, Richard P. and Leighton, Robert B. and Sands, Mathew},
edition = {New Millen},
isbn = {9780465024940},
mendeley-groups = {SNOW},
pages = {592},
publisher = {Basic Books},
title = {{The Feynman Lectures on Physics, Vol. II: Mainly Electromagnetism and Matter}},
url = {https://www.basicbooks.com/titles/richard-p-feynman/the-feynman-lectures-on-physics-vol-ii/9780465040841/},
year = {2011}
}

@book{Barry2011,
address = {Cambridge},
author = {Barry, Roger G. and Gan, Thian Yew},
doi = {10.1017/CBO9780511977947},
isbn = {9780511977947},
mendeley-groups = {SNOW},
publisher = {Cambridge University Press},
title = {{The Global Cryosphere: Past, Present and Future}},
year = {2011}
}
@article{Takala2011,
author = {Takala, Matias and Luojus, Kari and Pulliainen, Jouni and Derksen, Chris and Lemmetyinen, Juha and K{\"{a}}rn{\"{a}}, Juha-Petri and Koskinen, Jarkko and Bojkov, Bojan},
doi = {10.1016/j.rse.2011.08.014},
issn = {00344257},
journal = {Remote Sens. Environ.},
mendeley-groups = {M11,SNOW},
month = {dec},
number = {12},
pages = {3517--3529},
title = {{Estimating northern hemisphere snow water equivalent for climate research through assimilation of space-borne radiometer data and ground-based measurements}},
volume = {115},
year = {2011}
}
@article{Law2011,
author = {Law, K. J. H. and Stuart, A. M.},
doi = {10.1175/MWR-D-11-00257.1},
eprint = {1107.4118},
file = {:home/iirs/.local/share/data/Mendeley Ltd./Mendeley Desktop/Downloaded/Law, Stuart - 2011 - Evaluating Data Assimilation Algorithms.pdf:pdf},
isbn = {0027-0644},
issn = {0027-0644},
mendeley-groups = {SNOW},
number = {Bennett 2002},
pages = {3757--3782},
title = {{Evaluating Data Assimilation Algorithms}},
year = {2011}
}
@article{Kumar2011a,
author = {Kumar, Vijay and Venkataraman, Gopalan},
doi = {10.1080/17538940903521591},
file = {:home/iirs/.local/share/data/Mendeley Ltd./Mendeley Desktop/Downloaded/Kumar, Venkataraman - 2011 - SAR interferometric coherence analysis for snow cover mapping in the western Himalayan region.pdf:pdf},
isbn = {1753-8947},
issn = {17538947},
journal = {Int. J. Digit. Earth},
keywords = {Coherence,Digital earth,Insar,Microwave remote sensing,Sar,Snow cover},
mendeley-groups = {SNOW},
number = {1},
pages = {78--90},
title = {{SAR interferometric coherence analysis for snow cover mapping in the western Himalayan region}},
volume = {4},
year = {2011}
}
@article{Domine2011,
author = {Domine, Florent},
doi = {10.1007/978-90-481-2642-2_422},
file = {:home/iirs/.local/share/data/Mendeley Ltd./Mendeley Desktop/Downloaded/Domine - 2011 - Physical Properties of Snow.pdf:pdf},
isbn = {978-90-481-2641-5, 978-90-481-2642-2},
mendeley-groups = {SNOW},
pages = {859--863},
title = {{Physical Properties of Snow}},
url = {http://link.springer.com/referenceworkentry/10.1007/978-90-481-2642-2{\_}422{\%}5Cnhttp://link.springer.com.libproxy.ucl.ac.uk/referenceworkentry/10.1007/978-90-481-2642-2{\_}422},
year = {2011}
}
@techreport{Balss2012,
address = {Oberpfaffenhofen, Germany},
author = {Balss, U. and Breit, H. and Duque, S. and Fritz, T. and Rossi, C.},
booktitle = {Remote Sens. Institute, DLR},
file = {:home/iirs/.local/share/data/Mendeley Ltd./Mendeley Desktop/Downloaded/Balss et al. - 2012 - CoSSC Generation and Interferometric Considerations (TD-PGS-TN-3129).pdf:pdf},
institution = {Remote Sensing Technology Institute, DLR},
mendeley-groups = {SNOW},
pages = {1--31},
title = {{CoSSC Generation and Interferometric Considerations (TD-PGS-TN-3129)}},
url = {https://tandemx-science.dlr.de/pdfs/TD-PGS-TN-3129_CoSSCGenerationInterferometricConsiderations_1.0.pdf},
year = {2012}
}
@techreport{LeicaGeosystemsAG2012,
address = {Heerbrugg, Switzerland},
author = {{Leica Geosystems AG}},
institution = {Leica Geosystems AG},
mendeley-groups = {SNOW},
pages = {1--152},
title = {{Leica GS10/GS15 User Manual (772916-4.1.0en)}},
url = {http://www.surveyequipment.com/PDFs/Leica_Viva_GS10_GS15_User_Manual.pdf},
year = {2012}
}
@incollection{Cheney2012,
address = {Boston, USA},
author = {Cheney, E. Ward and Kincaid, David R.},
booktitle = {Numer. Math. Comput.},
edition = {7},
isbn = {978-1133103714},
mendeley-groups = {SNOW},
pages = {114--150},
publisher = {Cengage Learning},
title = {{Nonlinear equations}},
year = {2012}
}
@article{Bohleber2012,
author = {Bohleber, P. and Wagner, N. and Eisen, O.},
doi = {10.1016/j.coldregions.2012.05.010},
issn = {0165232X},
journal = {Cold Reg. Sci. Technol.},
mendeley-groups = {SNOW},
month = {dec},
pages = {13--19},
title = {{Permittivity of ice at radio frequencies: Part II. Artificial and natural polycrystalline ice}},
volume = {83-84},
year = {2012}
}
@article{Song2012,
author = {Song, K. and Zhou, X.B. and Fan, Y.},
file = {:home/iirs/.local/share/data/Mendeley Ltd./Mendeley Desktop/Downloaded/Song, Zhou, Fan - 2012 - Electromagnetic Scattering from a Multi-Layered Surface with Lossy Inhomogeneous Dielectric Profiles for Remote.pdf:pdf},
journal = {Prog. Electromagn. Res.},
mendeley-groups = {SNOW},
number = {January},
pages = {193--207},
title = {{Electromagnetic Scattering from a Multi-Layered Surface with Lossy Inhomogeneous Dielectric Profiles for Remote Sensing of Snow}},
volume = {24},
year = {2012}
}
@article{Pivot2012,
author = {Pivot, Fr{\'{e}}d{\'{e}}rique C.},
doi = {10.3390/rs4072133},
file = {:home/iirs/.local/share/data/Mendeley Ltd./Mendeley Desktop/Downloaded/Pivot - 2012 - C-band sar imagery for snow-cover monitoring at treeline, churchill, manitoba, Canada.pdf:pdf},
issn = {20724292},
journal = {Remote Sens.},
keywords = {C-band backscatter,ERS,Forest-tundra ecotone,Ground penetrating radar,RADARSAT,Remote sensing,SAR,Snow,Treeline},
mendeley-groups = {SNOW},
number = {7},
pages = {2133--2155},
title = {{C-band sar imagery for snow-cover monitoring at treeline, churchill, manitoba, Canada}},
volume = {4},
year = {2012}
}
@article{Thakur2012,
author = {Thakur, Praveen K. and Aggarwal, S.P. and Garg, P.K. and Garg, R.D. and Mani, Sneh and Pandit, Ankur and Kumar, Sanjeev},
doi = {10.1080/10106049.2012.672477},
file = {:home/iirs/.local/share/data/Mendeley Ltd./Mendeley Desktop/Downloaded/Thakur et al. - 2012 - Snow physical parameters estimation using space-based Synthetic Aperture Radar.pdf:pdf},
issn = {1010-6049},
journal = {Geocarto Int.},
mendeley-groups = {M11,SNOW},
number = {3},
pages = {263--288},
title = {{Snow physical parameters estimation using space-based Synthetic Aperture Radar}},
volume = {27},
year = {2012}
}
@article{Sharma2013,
author = {Sharma, Jayanti J. and Hajnsek, Irena and Papathanassiou, Konstantinos P. and Moreira, Alberto},
doi = {10.1109/TGRS.2012.2220855},
issn = {0196-2892},
journal = {IEEE Trans. Geosci. Remote Sens.},
mendeley-groups = {SNOW},
month = {jun},
number = {6},
pages = {3715--3732},
title = {{Estimation of Glacier Ice Extinction Using Long-Wavelength Airborne Pol-InSAR}},
url = {http://ieeexplore.ieee.org/document/6377293/},
volume = {51},
year = {2013}
}
@inproceedings{Parrella2013,
address = {Frascati, Italy},
author = {Parrella, G. and Hajnsek, Irena and Papathanassiou, Konstantinos P.},
booktitle = {6th Int. Work. Sci. Appl. SAR Polarim. Polarim. Interferom.},
mendeley-groups = {SNOW},
pages = {1--6},
title = {{On the Interpretation of L- and P-Band PolSAR Signatures of Polythermal Glaciers}},
url = {https://elib.dlr.de/78902/1/s7_parre.pdf},
year = {2013}
}
@article{Riche2013,
author = {Riche, Fabienne and Montagnat, Maurine and Schneebeli, Martin},
doi = {10.3189/2013JoG12J116},
issn = {0022-1430},
journal = {J. Glaciol.},
mendeley-groups = {SNOW},
month = {jul},
number = {213},
pages = {47--55},
title = {{Evolution of crystal orientation in snow during temperature gradient metamorphism}},
volume = {59},
year = {2013}
}
@article{Dierking2013,
author = {Dierking, Wolfgang},
doi = {10.5670/oceanog.2013.33},
issn = {10428275},
journal = {Oceanography},
mendeley-groups = {SNOW},
month = {jun},
number = {2},
pages = {101--111},
title = {{Sea Ice Monitoring by Synthetic Aperture Radar}},
volume = {26},
year = {2013}
}
@article{Moreira2013,
author = {Moreira, Alberto and Prats-Iraola, Pau and Younis, Marwan and Krieger, Gerhard and Hajnsek, Irena and Papathanassiou, Konstantinos P.},
doi = {10.1109/MGRS.2013.2248301},
issn = {2168-6831},
journal = {IEEE Geosci. Remote Sens. Mag.},
mendeley-groups = {SNOW},
month = {mar},
number = {1},
pages = {6--43},
title = {{A tutorial on synthetic aperture radar}},
volume = {1},
year = {2013}
}
@article{Deems2013,
author = {Deems, Jeffrey S. and Painter, Thomas H. and Finnegan, David C.},
doi = {10.3189/2013JoG12J154},
issn = {0022-1430},
journal = {J. Glaciol.},
mendeley-groups = {SNOW},
month = {jul},
number = {215},
pages = {467--479},
title = {{Lidar measurement of snow depth: a review}},
volume = {59},
year = {2013}
}
@article{Gsi2013,
author = {Gsi, Beijing and May, Tutorial},
file = {:home/iirs/.local/share/data/Mendeley Ltd./Mendeley Desktop/Downloaded/Gsi, May - 2013 - Introduction to 3DVAR , Gridpoint Statistical What is Data Assimilation.pdf:pdf},
mendeley-groups = {SNOW},
title = {{Introduction to 3DVAR , Gridpoint Statistical What is Data Assimilation}},
year = {2013}
}
@article{Sharma2014,
author = {Sharma, Vaibhav and Mishra, V. D. and Joshi, P. K.},
doi = {10.1080/01431161.2014.894665},
file = {:home/iirs/THESIS/Papers/Topographic controls on spatio temporal snow cover distribution in Northwest Himalaya.pdf:pdf},
issn = {13665901},
journal = {Int. J. Remote Sens.},
mendeley-groups = {SNOW},
number = {9},
pages = {3036--3056},
publisher = {Taylor {\&} Francis},
title = {{Topographic controls on spatio-temporal snow cover distribution in Northwest Himalaya}},
url = {http://dx.doi.org/10.1080/01431161.2014.894665},
volume = {35},
year = {2014}
}
@article{Grunewald2014,
author = {Gr{\"{u}}newald, T. and B{\"{u}}hler, Y. and Lehning, M.},
doi = {10.5194/tc-8-2381-2014},
issn = {1994-0424},
journal = {Cryosph.},
mendeley-groups = {SNOW},
month = {dec},
number = {6},
pages = {2381--2394},
title = {{Elevation dependency of mountain snow depth}},
volume = {8},
year = {2014}
}
@techreport{Luo2014,
address = {Heerbrugg, Switzerland},
author = {Luo, X and Richter, B and Cole, A},
institution = {Leica Geosystems AG},
mendeley-groups = {SNOW},
title = {{GLONASS only and BeiDou only RTK Positioning}},
url = {https://leica-geosystems.com/-/media/Files/LeicaGeosystems/Products/White Papers/GLONASS_BeiDou_RTK_Positioning_WPA.ashx},
year = {2014}
}
@article{Singh2014,
author = {Singh, Gulab and Venkataraman, Gopalan and Yamaguchi, Yoshio and Park, Sang-Eun},
doi = {10.1109/TGRS.2013.2248369},
issn = {0196-2892},
journal = {IEEE Trans. Geosci. Remote Sens.},
mendeley-groups = {SNOW},
month = {feb},
number = {2},
pages = {1177--1196},
title = {{Capability Assessment of Fully Polarimetric ALOS–PALSAR Data for Discriminating Wet Snow From Other Scattering Types in Mountainous Regions}},
volume = {52},
year = {2014}
}
@article{Leon2014,
author = {Leon, Javier X. and Heuvelink, Gerard B M and Phinn, Stuart R.},
doi = {10.1371/journal.pone.0108727},
file = {:home/iirs/THESIS/Papers/journal.pone.0108727.PDF:PDF},
isbn = {1932-6203 (Electronic)$\backslash$r1932-6203 (Linking)},
issn = {19326203},
journal = {PLoS One},
mendeley-groups = {SNOW},
number = {9},
pages = {1--12},
pmid = {25250763},
title = {{Incorporating DEM uncertainty in coastal inundation mapping}},
volume = {9},
year = {2014}
}
@article{Leinss2014,
author = {Leinss, Silvan and Parrella, Giuseppe and Hajnsek, Irena},
doi = {10.1109/JSTARS.2014.2323199},
file = {:home/iirs/.local/share/data/Mendeley Ltd./Mendeley Desktop/Downloaded/Leinss, Parrella, Hajnsek - 2014 - Snow height determination by polarimetric phase differences in X-Band SAR Data.pdf:pdf},
issn = {21511535},
journal = {IEEE J. Sel. Top. Appl. Earth Obs. Remote Sens.},
keywords = {Birefringence,TanDEM-X,TerraSAR-X,VV-HH phase difference,copolar phase difference,dry snow,fresh snow,polarimetry,snow anisotropy,snow microstructure,synthetic aperture radar},
mendeley-groups = {SNOW},
number = {9},
pages = {3794--3810},
title = {{Snow height determination by polarimetric phase differences in X-Band SAR Data}},
volume = {7},
year = {2014}
}
@article{Tan2015,
author = {Tan, Mou Leong and Ficklin, Darren L. and Dixon, Barnali and Ibrahim, Ab Latif and Yusop, Zulkifli and Chaplot, Vincent},
doi = {10.1016/j.apgeog.2015.07.014},
issn = {01436228},
journal = {Appl. Geogr.},
mendeley-groups = {SNOW},
month = {sep},
pages = {357--368},
title = {{Impacts of DEM resolution, source, and resampling technique on SWAT-simulated streamflow}},
volume = {63},
year = {2015}
}
@article{Zhu2015,
author = {Zhu, Zhe and Wang, Shixiong and Woodcock, Curtis E.},
doi = {10.1016/j.rse.2014.12.014},
issn = {00344257},
journal = {Remote Sens. Environ.},
mendeley-groups = {SNOW},
month = {mar},
pages = {269--277},
title = {{Improvement and expansion of the Fmask algorithm: cloud, cloud shadow, and snow detection for Landsats 4–7, 8, and Sentinel 2 images}},
volume = {159},
year = {2015}
}
@article{Kugler2015,
author = {Kugler, Florian and Lee, Seung-Kuk and Hajnsek, Irena and Papathanassiou, Konstantinos P.},
doi = {10.1109/TGRS.2015.2420996},
issn = {0196-2892},
journal = {IEEE Trans. Geosci. Remote Sens.},
mendeley-groups = {SNOW},
month = {oct},
number = {10},
pages = {5294--5311},
title = {{Forest Height Estimation by Means of Pol-InSAR Data Inversion: The Role of the Vertical Wavenumber}},
volume = {53},
year = {2015}
}
@article{Leinss2016,
author = {Leinss, Silvan and L{\"{o}}we, Henning and Proksch, Martin and Lemmetyinen, Juha and Wiesmann, Andreas and Hajnsek, Irena},
doi = {10.5194/tc-10-1771-2016},
issn = {1994-0424},
journal = {The Cryosphere},
mendeley-groups = {SNOW},
month = {aug},
number = {4},
pages = {1771--1797},
title = {{Anisotropy of seasonal snow measured by polarimetric phase differences in radar time series}},
volume = {10},
year = {2016}
}

@phdthesis{LeinssT2015,
author = {Leinss, Silvan},
doi = {10.3929/ethz-a-010603517},
file = {:home/iirs/.local/share/data/Mendeley Ltd./Mendeley Desktop/Downloaded/Leinss - 2015 - Depth, anisotropy, and water equivalent of snow estimated by radar interferometry and polarimetry (Doctoral thesis).pdf:pdf},
mendeley-groups = {SNOW},
pages = {260},
school = {Z{\"{u}}rich: ETH-Z{\"{u}}rich},
title = {{Depth, anisotropy, and water equivalent of snow estimated by radar interferometry and polarimetry (Doctoral thesis)}},
type = {Doctoral Thesis},
year = {2015}
}
@book{Tedesco2015,
address = {Chichester, UK},
doi = {10.1002/9781118368909},
editor = {Tedesco, Marco},
file = {:home/iirs/.local/share/data/Mendeley Ltd./Mendeley Desktop/Downloaded/Unknown - 2015 - Remote Sensing of the Cryosphere.pdf:pdf},
isbn = {9781118368909},
mendeley-groups = {M11,SNOW},
month = {jan},
pages = {430},
publisher = {John Wiley {\&} Sons, Ltd},
title = {{Remote Sensing of the Cryosphere}},
year = {2015}
}
@article{Huang2015,
author = {Huang, C. L. and Wang, H. W. and Hou, J. L.},
doi = {10.5194/tcd-9-4997-2015},
file = {:home/iirs/.local/share/data/Mendeley Ltd./Mendeley Desktop/Downloaded/Huang, Wang, Hou - 2015 - Estimating spatial distribution of daily snow depth with kriging methods combination of MODIS snow cover area.pdf:pdf},
issn = {1994-0440},
journal = {Cryosph. Discuss.},
mendeley-groups = {SNOW},
number = {5},
pages = {4997--5020},
title = {{Estimating spatial distribution of daily snow depth with kriging methods: combination of MODIS snow cover area data and ground-based observations}},
url = {http://www.the-cryosphere-discuss.net/9/4997/2015/},
volume = {9},
year = {2015}
}
@article{Leinss2015,
author = {Leinss, Silvan and Wiesmann, Andreas and Lemmetyinen, Juha and Hajnsek, Irena},
doi = {10.1109/JSTARS.2015.2432031},
file = {:home/iirs/.local/share/data/Mendeley Ltd./Mendeley Desktop/Downloaded/Leinss et al. - 2015 - Snow Water Equivalent of Dry Snow Measured by Differential Interferometry.pdf:pdf},
isbn = {1939-1404 VO  - PP},
issn = {21511535},
journal = {IEEE J. Sel. Top. Appl. Earth Obs. Remote Sens.},
keywords = {Coherence loss,SnowScat,dielectric constant of snow,differential interferometry (D-InSAR),dry snow,microwave penetration of snow,real aperture radar,snow water equivalent (SWE),synthetic aperture radar (SAR)},
mendeley-groups = {SNOW},
number = {8},
pages = {3773--3790},
title = {{Snow Water Equivalent of Dry Snow Measured by Differential Interferometry}},
volume = {8},
year = {2015}
}
@article{Hensley2016,
author = {Hensley, Scott and Moller, Delwyn and Oveisgharan, Shadi and Michel, Thierry and Wu, Xiaoqing},
doi = {10.1109/JSTARS.2016.2560626},
issn = {1939-1404},
journal = {IEEE J. Sel. Top. Appl. Earth Obs. Remote Sens.},
mendeley-groups = {SNOW},
month = {jun},
number = {6},
pages = {2436--2450},
title = {{Ka-Band Mapping and Measurements of Interferometric Penetration of the Greenland Ice Sheets by the GLISTIN Radar}},
volume = {9},
year = {2016}
}
@inproceedings{Krieger2016,
author = {Krieger, G. and Moreira, A. and Zink, M. and Hajnsek, I. and Huber, S. and Villano, M. and Papathanassiou, K. and Younis, M. and {Lopez Dekker}, P. and Pardini, M. and Schulze, D. and Bachmann, M. and {Borla Tridon}, D. and Reimann, J. and Brautigam, B. and Steinbrecher, U. and Tienda, C. and {Sanjuan Ferrer}, M. and Zonno, M. and Eineder, M. and {De Zan}, F. and Parizzi, A. and Fritz, T. and Diedrich, E. and Maurer, E. and Munzenmayer, R. and Grafmuller, B. and Wolters, R. and te Hennepe, F. and Ernst, R. and Bewick, C.},
booktitle = {2016 IEEE Int. Geosci. Remote Sens. Symp.},
doi = {10.1109/IGARSS.2016.7729546},
isbn = {978-1-5090-3332-4},
mendeley-groups = {SNOW},
month = {jul},
pages = {2116--2119},
publisher = {IEEE},
title = {{Tandem-L: Main results of the phase a feasibility study}},
year = {2016}
}
@article{Zheng2016,
author = {Zheng, Z. and Kirchner, P. B. and Bales, R. C.},
doi = {10.5194/tc-10-257-2016},
issn = {1994-0424},
journal = {Cryosph.},
mendeley-groups = {SNOW},
month = {jan},
number = {1},
pages = {257--269},
title = {{Topographic and vegetation effects on snow accumulation in the southern Sierra Nevada: a statistical summary from lidar data}},
volume = {10},
year = {2016}
}
@misc{QGISDevelopmentTeam2019,
author = {{QGIS Development Team}},
booktitle = {Open Source Geospatial Found. Proj.},
mendeley-groups = {MST},
title = {{QGIS Geographic Information System}},
url = {http://qgis.osgeo.org/},
urldate = {2019-12-20},
year = {2019}
}

@misc{Hall2016,
address = {Boulder, Colorado USA},
author = {Hall, D. K. and Riggs, G. A.},
booktitle = {NASA Natl. Snow Ice Data Cent. Distrib. Act. Arch. Cent.},
doi = {10.5067/MODIS/MOD10A1.006},
mendeley-groups = {SNOW},
title = {{MODIS/Terra Snow Cover Daily L3 Global 500m Grid, Version 6 [9 January 2016]}},
year = {2016}
}
@techreport{Veci2016,
author = {Veci, Luis},
file = {:home/iirs/.local/share/data/Mendeley Ltd./Mendeley Desktop/Downloaded/Veci - 2016 - Interferometry Tutorial.pdf:pdf},
mendeley-groups = {SNOW},
pages = {1--20},
publisher = {Array Systems Computing Inc},
title = {{Interferometry Tutorial}},
url = {http://step.esa.int/docs/tutorials/S1TBX Stripmap Interferometry with Sentinel-1 Tutorial.pdf},
year = {2016}
}
@article{Haldar2016,
author = {Haldar, Dipanwita and Rana, Pooja and Yadav, Manoj and Hooda, R. S. and Chakraborty, Manab},
doi = {10.1080/01431161.2016.1204024},
issn = {0143-1161},
journal = {Int. J. Remote Sens.},
mendeley-groups = {SNOW},
month = {aug},
number = {16},
pages = {3753--3770},
title = {{Time series analysis of co-polarization phase difference (PPD) for winter field crops using polarimetric C-band SAR data}},
url = {https://www.tandfonline.com/doi/full/10.1080/01431161.2016.1204024},
volume = {37},
year = {2016}
}
@article{Usami2016,
author = {Usami, Naoto and Muhuri, Arnab and Bhattacharya, Avik and Hirose, Akira},
doi = {10.1109/LGRS.2016.2621891},
issn = {1545-598X},
journal = {IEEE Geosci. Remote Sens. Lett.},
mendeley-groups = {SNOW},
month = {dec},
number = {12},
pages = {2029--2033},
title = {{PolSAR Wet Snow Mapping With Incidence Angle Information}},
volume = {13},
year = {2016}
}
@article{Gusain2016,
author = {Gusain, H. S. and Mishra, V. D. and Arora, M. K. and Mamgain, Shailesh and Singh, Dhiraj Kumar},
doi = {10.1016/j.coldregions.2016.02.012},
file = {:home/iirs/.local/share/data/Mendeley Ltd./Mendeley Desktop/Downloaded/Gusain et al. - 2016 - Operational algorithm for generation of snow depth maps from discrete data in Indian Western Himalaya.pdf:pdf},
issn = {0165232X},
journal = {Cold Reg. Sci. Technol.},
keywords = {Automatic weather station,DEM,MODIS,Snow depth,Western Himalaya},
mendeley-groups = {SNOW},
pages = {22--29},
publisher = {Elsevier B.V.},
title = {{Operational algorithm for generation of snow depth maps from discrete data in Indian Western Himalaya}},
url = {http://dx.doi.org/10.1016/j.coldregions.2016.02.012},
volume = {126},
year = {2016}
}
@article{Lei2016,
author = {Lei, Yang and Siqueira, Paul and Treuhaft, Robert},
doi = {10.1002/2015RS005926},
issn = {1944799X},
journal = {Radio Sci.},
keywords = {SAR,dense medium,electromagnetics,interferometry,scattering,snow},
mendeley-groups = {SNOW},
number = {5},
pages = {461--480},
title = {{A dense medium electromagnetic scattering model for the InSAR correlation of snow}},
volume = {51},
year = {2016}
}
@article{Lei2016a,
author = {Lei, Yang},
file = {:home/iirs/.local/share/data/Mendeley Ltd./Mendeley Desktop/Downloaded/Lei - 2016 - Yang Lei thesis.pdf:pdf},
keywords = {electromagnetic scattering InSAR correlation veget},
mendeley-groups = {SNOW},
number = {May 2014},
title = {{Yang Lei thesis}},
year = {2016}
}
@article{Nagler2016,
author = {Nagler, Thomas and Rott, Helmut and Ripper, Elisabeth and Bippus, Gabriele and Hetzenecker, Markus},
doi = {10.3390/rs8040348},
file = {:home/iirs/.local/share/data/Mendeley Ltd./Mendeley Desktop/Downloaded/Nagler et al. - 2016 - Advancements for snowmelt monitoring by means of Sentinel-1 SAR.pdf:pdf},
isbn = {4351250748300},
issn = {20724292},
journal = {Remote Sens.},
keywords = {Alps,Iceland,SAR,Sentinel-1,Snow extent,Snowmelt},
mendeley-groups = {SNOW},
number = {4},
pages = {1--17},
title = {{Advancements for snowmelt monitoring by means of Sentinel-1 SAR}},
volume = {8},
year = {2016}
}
@inproceedings{Rosen2017,
author = {Rosen, P. and Hensley, S. and Shaffer, S. and Edelstein, W. and Kim, Y. and Kumar, R. and Misra, T. and Bhan, R. and Sagi, R.},
booktitle = {2017 IEEE Int. Geosci. Remote Sens. Symp.},
doi = {10.1109/IGARSS.2017.8127836},
isbn = {978-1-5090-4951-6},
mendeley-groups = {SNOW},
month = {jul},
pages = {3832--3835},
publisher = {IEEE},
title = {{The NASA-ISRO SAR (NISAR) mission dual-band radar instrument preliminary design}},
year = {2017}
}
@article{Kumar2017,
author = {Kumar, S. and Khati, Unmesh G. and Chandola, Shreya and Agrawal, Shefali and Kushwaha, Satya P.S.},
doi = {10.1016/j.asr.2017.04.018},
issn = {02731177},
journal = {Adv. Sp. Res.},
mendeley-groups = {SNOW},
month = {aug},
number = {3},
pages = {571--586},
title = {{Polarimetric SAR Interferometry based modeling for tree height and aboveground biomass retrieval in a tropical deciduous forest}},
volume = {60},
year = {2017}
}
@article{Johansson2017,
author = {Johansson, A. M. and King, J. A. and Doulgeris, A. P. and Gerland, S. and Singha, S. and Spreen, G. and Busche, T.},
doi = {10.1002/2016JC012273},
issn = {21699275},
journal = {J. Geophys. Res. Ocean.},
mendeley-groups = {SNOW},
month = {jan},
number = {1},
pages = {669--691},
title = {{Combined observations of Arctic sea ice with near-coincident colocated X-band, C-band, and L-band SAR satellite remote sensing and helicopter-borne measurements}},
url = {http://doi.wiley.com/10.1002/2016JC012273},
volume = {122},
year = {2017}
}
@article{Tuzet2017,
author = {Tuzet, Francois and Dumont, Marie and Lafaysse, Matthieu and Picard, Ghislain and Arnaud, Laurent and Voisin, Didier and Lejeune, Yves and Charrois, Luc and Nabat, Pierre and Morin, Samuel},
doi = {10.5194/tc-11-2633-2017},
issn = {1994-0424},
journal = {Cryosph.},
number = {6},
pages = {2633--2653},
title = {{A multilayer physically based snowpack model simulating direct and indirect radiative impacts of light-absorbing impurities in snow}},
volume = {11},
year = {2017}
}
@article{Royer2017,
author = {Royer, Alain and Roy, Alexandre and Montpetit, Benoit and Saint-Jean-Rondeau, Olivier and Picard, Ghislain and Brucker, Ludovic and Langlois, Alexandre},
doi = {10.1016/j.rse.2016.12.020},
issn = {00344257},
journal = {Remote Sens. Environ.},
pages = {247--259},
title = {{Comparison of commonly-used microwave radiative transfer models for snow remote sensing}},
volume = {190},
year = {2017}
}
@article{Li2017,
author = {Li, Hui and Wang, Zuo and He, Guangjun and Man, Wang},
doi = {10.1155/2017/8739598},
issn = {1687-725X},
journal = {J. Sensors},
mendeley-groups = {SNOW},
pages = {1--17},
title = {{Estimating Snow Depth and Snow Water Equivalence Using Repeat-Pass Interferometric SAR in the Northern Piedmont Region of the Tianshan Mountains}},
volume = {2017},
year = {2017}
}
@article{Pepe2017,
author = {Pepe, Antonio and Cal{\`{o}}, Fabiana},
doi = {10.3390/app7121264},
issn = {2076-3417},
journal = {Appl. Sci.},
mendeley-groups = {SNOW},
month = {dec},
number = {12},
pages = {1264},
title = {{A Review of Interferometric Synthetic Aperture RADAR (InSAR) Multi-Track Approaches for the Retrieval of Earth's Surface Displacements}},
volume = {7},
year = {2017}
}
@article{Singh2017,
author = {Singh, Gulab and Verma, Ashutosh and Kumar, Sanjeev and Snehmani and Ganju, Ashwagosha and Yamaguchi, Yoshio and Kulkarni, Anil V.},
doi = {10.1109/TGRS.2017.2725979},
issn = {0196-2892},
journal = {IEEE Trans. Geosci. Remote Sens.},
mendeley-groups = {SNOW},
month = {nov},
number = {11},
pages = {6320--6329},
title = {{Snowpack Density Retrieval Using Fully Polarimetric TerraSAR-X Data in the Himalayas}},
volume = {55},
year = {2017}
}
@article{Rekioua2017,
author = {Rekioua, Badreddine and Davy, Matthieu and Ferro-Famil, Laurent and Tebaldini, Stefano},
doi = {10.1016/j.crhy.2015.12.016},
file = {:home/iirs/.local/share/data/Mendeley Ltd./Mendeley Desktop/Downloaded/Rekioua et al. - 2017 - Snowpack permittivity profile retrieval from tomographic SAR data.pdf:pdf},
issn = {16310705},
journal = {Comptes Rendus Phys.},
keywords = {GB-SAR,SAR,SAR tomography,Snow permittivity,Snowpack,Time domain back projection},
mendeley-groups = {SNOW},
number = {1},
pages = {57--65},
publisher = {Elsevier Masson SAS},
title = {{Snowpack permittivity profile retrieval from tomographic SAR data}},
url = {http://dx.doi.org/10.1016/j.crhy.2015.12.016},
volume = {18},
year = {2017}
}
@article{Thakur2017,
author = {Thakur, Praveen K. and Aggarwal, S. P. and Arun, G. and Sood, Sahil and {Senthil Kumar}, A. and Mani, Sneh and Dobhal, D. P.},
doi = {10.1007/s12524-016-0609-y},
file = {:home/iirs/.local/share/data/Mendeley Ltd./Mendeley Desktop/Downloaded/Thakur et al. - 2017 - Estimation of Snow Cover Area, Snow Physical Properties and Glacier Classification in Parts of Western Himalayas.pdf:pdf},
issn = {09743006},
journal = {J. Indian Soc. Remote Sens.},
keywords = {Glacier facies,Inversion model,Manali,RISAT-1,SAR,Snow cover,Snow density,Snow wetness},
mendeley-groups = {SNOW},
number = {3},
pages = {525--539},
publisher = {Springer India},
title = {{Estimation of Snow Cover Area, Snow Physical Properties and Glacier Classification in Parts of Western Himalayas Using C-Band SAR Data}},
volume = {45},
year = {2017}
}
@article{Huang2017,
author = {Huang, Chengcheng and Newman, Andrew J. and Clark, Martyn P. and Wood, Andrew W. and Zheng, Xiaogu},
doi = {10.5194/hess-21-635-2017},
file = {:home/iirs/.local/share/data/Mendeley Ltd./Mendeley Desktop/Downloaded/Huang et al. - 2017 - Evaluation of snow data assimilation using the ensemble Kalman filter for seasonal streamflow prediction in the we.pdf:pdf},
issn = {16077938},
journal = {Hydrol. Earth Syst. Sci.},
mendeley-groups = {SNOW},
number = {1},
pages = {635--650},
title = {{Evaluation of snow data assimilation using the ensemble Kalman filter for seasonal streamflow prediction in the western United States}},
volume = {21},
year = {2017}
}
@article{Liu2017,
author = {Liu, Yang and Li, Lanhai and Yang, Jinming and Chen, Xi and Hao, Jiansheng},
doi = {10.3390/rs9111195},
file = {:home/iirs/.local/share/data/Mendeley Ltd./Mendeley Desktop/Downloaded/Liu et al. - 2017 - Estimating snow depth using multi-source data fusion based on the D-InSAR method and 3DVAR fusion algorithm.pdf:pdf},
issn = {20724292},
journal = {Remote Sens.},
keywords = {3DVAR,D-InSAR,Sentinel-1,Snow depth},
mendeley-groups = {M11,SNOW},
number = {11},
title = {{Estimating snow depth using multi-source data fusion based on the D-InSAR method and 3DVAR fusion algorithm}},
volume = {9},
year = {2017}
}
@techreport{Kim2018,
address = {Pyeongchang, Republic of Koraa},
author = {Kim, Edward J. and Gatebe, Charles K. and Hall, Dorothy K. and Kang, Do Hyuk},
institution = {NASA},
mendeley-groups = {SNOW},
publisher = {NASA},
title = {{NASA's SnowEx Campaign and Measuring Global Snow from Space (GSFC-E-DAA-TN55784)}},
url = {https://ntrs.nasa.gov/search.jsp?R=20180005187},
year = {2018}
}
@inproceedings{Speziali2018,
address = {Aachen, Germany},
author = {Speziali, F and Trampuz, C and Placidi, S and Hendriks, L C I and Ludwig, M and Meta, A},
booktitle = {EUSAR 2018; 12th Eur. Conf. Synth. Aperture Radar},
isbn = {VO -},
mendeley-groups = {SNOW},
pages = {1--5},
title = {{Development of the Multichannel Interferometric Ka-Band Airborne SAR Instrument (KaSAR)}},
url = {https://ieeexplore.ieee.org/abstract/document/8438262},
year = {2018}
}
@misc{JetBrains2019,
author = {JetBrains},
mendeley-groups = {SNOW},
title = {{PyCharm Documentation}},
url = {https://www.jetbrains.com/pycharm/documentation/index.html},
urldate = {2020-02-04},
year = {2020}
}
@misc{ESA2019,
author = {ESA},
mendeley-groups = {SNOW},
title = {{SNAP}},
url = {http://step.esa.int/main/toolboxes/snap/},
urldate = {2020-02-04},
year = {2019}
}
@article{Winsvold2018,
author = {Winsvold, Solveig H. and K{\"{a}}{\"{a}}b, Andreas and Nuth, Christopher and Andreassen, Liss M. and van Pelt, Ward J. J. and Schellenberger, Thomas},
doi = {10.5194/tc-12-867-2018},
issn = {1994-0424},
journal = {Cryosph.},
mendeley-groups = {SNOW},
number = {3},
pages = {867--890},
title = {{Using SAR satellite data time series for regional glacier mapping}},
volume = {12},
year = {2018}
}
@article{Picard2018,
author = {Picard, Ghislain and Sandells, Melody and L{\"{o}}we, Henning},
doi = {10.5194/gmd-11-2763-2018},
issn = {1991-9603},
journal = {Geosci. Model Dev.},
mendeley-groups = {SNOW},
number = {7},
pages = {2763--2788},
title = {{SMRT: an active–passive microwave radiative transfer model for snow with multiple microstructure and scattering formulations (v1.0)}},
volume = {11},
year = {2018}
}
@inproceedings{Leinss2018,
author = {Leinss, Silvan and Antropov, Oleg and Vehvilainen, Juho and Lemmetyinen, Juha and Hajnsek, Irena and Praks, Jaan},
booktitle = {IGARSS 2018 - 2018 IEEE Int. Geosci. Remote Sens. Symp.},
doi = {10.1109/IGARSS.2018.8518661},
isbn = {978-1-5386-7150-4},
mendeley-groups = {SNOW},
month = {jul},
pages = {8500--8503},
publisher = {IEEE},
title = {{Wet Snow Depth from Tandem-X Single-Pass Insar Dem Differencing}},
year = {2018}
}
@article{Mestre-Quereda2018,
author = {Mestre-Quereda, Alejandro and Lopez-Sanchez, Juan M. and Selva, Jesus and Gonzalez, Pablo J.},
doi = {10.1109/TGRS.2018.2820725},
issn = {0196-2892},
journal = {IEEE Trans. Geosci. Remote Sens.},
mendeley-groups = {SNOW},
month = {aug},
number = {8},
pages = {4477--4491},
title = {{An Improved Phase Filter for Differential SAR Interferometry Based on an Iterative Method}},
url = {https://ieeexplore.ieee.org/document/8340806/},
volume = {56},
year = {2018}
}
@article{Molan2018,
author = {Molan, Yusuf Eshqi and Kim, Jin Woo and Lu, Zhong and Agram, Piyush},
doi = {10.3390/rs10010150},
file = {:home/iirs/.local/share/data/Mendeley Ltd./Mendeley Desktop/Downloaded/Molan et al. - 2018 - L-band temporal coherence assessment and modeling using amplitude and snow depth over Interior Alaska.pdf:pdf},
issn = {20724292},
journal = {Remote Sens.},
keywords = {InSAR,Interior Alaska,L-band,Temporal coherence modeling},
mendeley-groups = {SNOW},
number = {1},
title = {{L-band temporal coherence assessment and modeling using amplitude and snow depth over Interior Alaska}},
volume = {10},
year = {2018}
}
@misc{Weisstein2019,
author = {Weisstein, Eric W.},
booktitle = {MathWorld--A Wolfram Web Resour.},
mendeley-groups = {SNOW},
title = {{Sinc Function}},
url = {http://mathworld.wolfram.com/SincFunction.html},
year = {2019}
}
@misc{PostgreSQL2019,
author = {PostgreSQL},
mendeley-groups = {SNOW},
title = {{PostgreSQL}},
url = {https://www.postgresql.org/},
urldate = {2019-02-19},
year = {2019}
}
@inproceedings{Majumdar2019,
author = {Majumdar, S and Thakur, P K and Chang, L and Kumar, S},
booktitle = {IGARSS 2019 - 2019 IEEE Int. Geosci. Remote Sens. Symp.},
doi = {10.1109/IGARSS.2019.8898884},
keywords = {Fresh snow,copolar phase difference,polarimetry,snow anisotropy,synthetic aperture radar},
pages = {4102--4105},
title = {{X-Band Polarimetric SAR Copolar Phase Difference for Fresh Snow Depth Estimation in the Northwestern Himalayan Watershed}},
address = {Yokohama, Japan},
year = {2019}
}

@inproceedings{Majumdar2019a,
address = {Phoenix, AZ, USA},
author = {Majumdar, Sayantan and Thakur, Praveen K. and Chang, Ling and Kumar, Shashi and Smith, Ryan},
booktitle = {Geol. Soc. Am. Abstr. with Programs},
doi = {10.1130/abs/2019AM-338916},
title = {{Spaceborne Polarimetric SAR Interferometry for Snow Depth Retrieval in the Northwestern Himalayan Watershed}},
year = {2019}
}


@techreport{LeicaGeosystemsAG,
address = {Heerbrugg, Switzerland},
author = {{Leica Geosystems AG}},
institution = {Leica Geosystems AG},
mendeley-groups = {SNOW},
title = {{Leica Viva GS10 Data sheet}},
url = {http://www.leica-geosystems.es/downloads123/zz/gpsgis/Viva GS10/brochures-datasheet/Leica_Viva_GS10_DS_en.pdf}
}
@article{Wu2008,
author = {Wu, Simon and Li, Jonathan and Huang, G H},
doi = {10.1016/j.apgeog.2008.02.006},
issn = {0143-6228},
journal = {Appl. Geogr.},
keywords = {Digital elevation model,Grid size,Hydrologic modeling,Topographic attributes},
number = {3},
pages = {210--223},
title = {{A study on DEM-derived primary topographic attributes for hydrologic applications: Sensitivity to elevation data resolution}},
volume = {28},
year = {2008}
}

@article{Conde2018,
author = {Conde, Vasco and Nico, Giovanni and Mateus, Pedro and Catal{\~{a}}o, Jo{\~{a}}o and Kontu, Anna and Gritsevich, Maria},
journal = {J. Hydrol. Hydromechanics},
number = {1},
title = {{On The Estimation of Temporal Changes of Snow Water Equivalent by Spaceborne Sar Interferometry: A New Application for the Sentinel-1 Mission}},
volume = {67},
year = {2019},
doi = {10.2478/johh-2018-0003}
}

@inproceedings{Tridon2018,
author={D. B. {Tridon} and F. {Sica} and F. {De Zan} and M. {Bachmann} and G. {Krieger}},
booktitle={IGARSS 2018 - 2018 IEEE International Geoscience and Remote Sensing Symposium},
title={{Observation Strategy and Flight Configuration for Monitoring Earth Dynamics with the Tandem-L Mission}},
year={2018},
pages={5651-5654},
doi={10.1109/IGARSS.2018.8517757},
ISSN={2153-7003}
}




